[gd_scene load_steps=6 format=3 uid="uid://c37niw3qjq3ye"]

[ext_resource type="Script" path="res://scripts/ui/end_game_ui.gd" id="1_cvky8"]
[ext_resource type="Theme" uid="uid://dbruunxmfldcd" path="res://scenes/ui/menu_theme.tres" id="1_h8gyt"]
[ext_resource type="FontFile" uid="uid://dcxylve1w1tjt" path="res://fonts/Belgiano Serif.ttf" id="3_qlun1"]
[ext_resource type="StyleBox" uid="uid://c8khn7qhea22j" path="res://scenes/ui/label_stylebox.tres" id="4_mq35b"]

[sub_resource type="FontVariation" id="FontVariation_p6gaf"]
base_font = ExtResource("3_qlun1")
variation_transform = Transform2D(1, 0.11, 0, 1, 0, 0)

[node name="EndGameUI" type="CanvasLayer"]
script = ExtResource("1_cvky8")

[node name="BoardReferenceRect" type="ReferenceRect" parent="."]
anchors_preset = 8
anchor_left = 0.5
anchor_top = 0.5
anchor_right = 0.5
anchor_bottom = 0.5
offset_left = -400.0
offset_top = -400.0
offset_right = 400.0
offset_bottom = 400.0
grow_horizontal = 2
grow_vertical = 2
mouse_filter = 2

[node name="EndGameMenu" type="Control" parent="."]
layout_mode = 3
anchors_preset = 8
anchor_left = 0.5
anchor_top = 0.5
anchor_right = 0.5
anchor_bottom = 0.5
offset_left = -250.0
offset_top = -250.0
offset_right = 250.0
offset_bottom = 250.0
grow_horizontal = 2
grow_vertical = 2
theme = ExtResource("1_h8gyt")

[node name="EndGameMenuRect" type="ReferenceRect" parent="EndGameMenu"]
visible = false
layout_mode = 1
anchors_preset = 8
anchor_left = 0.5
anchor_top = 0.5
anchor_right = 0.5
anchor_bottom = 0.5
offset_left = -250.0
offset_top = -250.0
offset_right = 250.0
offset_bottom = 250.0
grow_horizontal = 2
grow_vertical = 2
size_flags_horizontal = 4
size_flags_vertical = 4

[node name="EndGameBackground" type="ColorRect" parent="EndGameMenu"]
layout_mode = 1
anchors_preset = 8
anchor_left = 0.5
anchor_top = 0.5
anchor_right = 0.5
anchor_bottom = 0.5
offset_left = -400.0
offset_top = -400.0
offset_right = 400.0
offset_bottom = 400.0
grow_horizontal = 2
grow_vertical = 2
color = Color(0.388235, 0.392157, 0.67451, 0.894118)

[node name="VBoxContainer" type="VBoxContainer" parent="EndGameMenu"]
layout_mode = 1
anchors_preset = 8
anchor_left = 0.5
anchor_top = 0.5
anchor_right = 0.5
anchor_bottom = 0.5
offset_left = -112.0
offset_top = 2.0
offset_right = 113.0
offset_bottom = 167.0
grow_horizontal = 2
grow_vertical = 2
theme_override_constants/separation = 15
alignment = 1

[node name="NewGameButton" type="Button" parent="EndGameMenu/VBoxContainer"]
layout_mode = 2
size_flags_vertical = 3
theme_override_font_sizes/font_size = 35
text = "new match"

[node name="QuitGameButton" type="Button" parent="EndGameMenu/VBoxContainer"]
layout_mode = 2
size_flags_vertical = 3
theme_override_font_sizes/font_size = 35
text = "main menu"

[node name="WinLoseLabel" type="Label" parent="EndGameMenu"]
layout_mode = 1
anchors_preset = 8
anchor_left = 0.5
anchor_top = 0.5
anchor_right = 0.5
anchor_bottom = 0.5
offset_left = -400.0
offset_top = -201.0
offset_right = 400.0
offset_bottom = -90.0
grow_horizontal = 2
grow_vertical = 2
theme_override_fonts/font = SubResource("FontVariation_p6gaf")
theme_override_font_sizes/font_size = 85
theme_override_styles/normal = ExtResource("4_mq35b")
text = "lose"
horizontal_alignment = 1
vertical_alignment = 1

[connection signal="pressed" from="EndGameMenu/VBoxContainer/NewGameButton" to="." method="_on_new_game_button_pressed"]
[connection signal="pressed" from="EndGameMenu/VBoxContainer/QuitGameButton" to="." method="_on_quit_game_button_pressed"]
